/home/guest/Documents/Astro/Literature/all.bib